@book{linal,
  author={Калюжний, Олександр Олексійович and Мальцев, Антон Юрійович and Подколзін, Гліб Борисович and Чаповский, Юрій Аркадійович},
  title={Алгебра та геометрія. Конспект лекцій з курсу «Аналітична геометрія та лінійна алгебра»},
  url={https://ela.kpi.ua/handle/123456789/27818},
  subtitle={навчальний посібник для студентів спеціальності 124 «Системний аналіз», освітніх програм «Системний аналіз і управління; Системний аналіз фінансового ринку» / КПІ ім. Ігоря Сікорського},
  pages={127},
  year={2019},
  publisher={КПІ ім. Ігоря Сікорського1},
  location={Київ}
}